<?xml version="1.0" encoding="UTF-8"?><record xmlns="http://www.loc.gov/MARC21/slim" xmlns:cinclude="http://apache.org/cocoon/include/1.0" xmlns:zs="http://www.loc.gov/zing/srw/">
  <leader>00624cz  a2200157n  4500</leader>
  <controlfield tag="001">n  90604031 </controlfield>
  <controlfield tag="003">DLC</controlfield>
  <controlfield tag="005">20130314085204.0</controlfield>
  <controlfield tag="008">900120n| azannaabn          |a aaa      </controlfield>
  <datafield tag="010" ind1=" " ind2=" ">
    <subfield code="a">n  90604031 </subfield>
  </datafield>
  <datafield tag="040" ind1=" " ind2=" ">
    <subfield code="a">DLC</subfield>
    <subfield code="b">eng</subfield>
    <subfield code="e">rda</subfield>
    <subfield code="c">DLC</subfield>
    <subfield code="d">DLC</subfield>
  </datafield>
  <datafield tag="100" ind1="1" ind2=" ">
    <subfield code="a">Byrd, William,</subfield>
    <subfield code="d">1539 or 1540-1623.</subfield>
    <subfield code="t">Psalmes, sonets, and songs.</subfield>
    <subfield code="p">Susanna fair</subfield>
  </datafield>
  <datafield tag="400" ind1="1" ind2=" ">
    <subfield code="a">Byrd, William,</subfield>
    <subfield code="d">1539 or 1540-1623.</subfield>
    <subfield code="t">Susanna fair,</subfield>
    <subfield code="m">voices (5)</subfield>
  </datafield>
  <datafield tag="400" ind1="1" ind2=" ">
    <subfield code="w">nnea</subfield>
    <subfield code="a">Byrd, William,</subfield>
    <subfield code="d">1539 or 40-1623.</subfield>
    <subfield code="t">Psalmes, sonets, and songs.</subfield>
    <subfield code="p">Susanna fair</subfield>
  </datafield>
  <datafield tag="670" ind1=" " ind2=" ">
    <subfield code="a">His Susanna fair, c1987.</subfield>
  </datafield>
  <datafield tag="670" ind1=" " ind2=" ">
    <subfield code="a">New Grove</subfield>
    <subfield code="b">(Susanna fair; 5 vv; from Psalmes, sonets, and songs, London, 1588)</subfield>
  </datafield>
</record>